@article{irwin1981,
author={H. P. Irwin},
journal={Journal of Wind Engineering and Industrial Aerodynamics},
pages={361-366},
title={The design of spires for wind simulation},
volume={7},
year={1981}}

@book{simiu1996,
author={E. Simiu and R. H. Scanlan},
title={Wind effects on structures: Fundamentals and applications to design},
publisher={John Wiley \& Sons, Inc.},
year={1996}}